@inproceedings{mikolov2013distributed,
  title={Distributed representations of words and phrases and their compositionality},
  author={Mikolov, Tomas and Sutskever, Ilya and Chen, Kai and Corrado, Greg S and Dean, Jeff},
  booktitle={Advances in Neural Information Processing Systems},
  pages={3111--3119},
  year={2013}
}

@inproceedings{mikolov2013distributed,
  title={Distributed representations of words and phrases and their compositionality},
  author={Mikolov, Tomas and Sutskever, Ilya and Chen, Kai and Corrado, Greg S and Dean, Jeff},
  booktitle={Advances in Neural Information Processing Systems},
  pages={3111--3119},
  year={2013}
}

@book{neapolitan2012probabilistic,
  title={Probabilistic reasoning in expert systems: theory and algorithms},
  author={Neapolitan, Richard E},
  year={2012},
  publisher={CreateSpace Independent Publishing Platform}
}

@book{cowell2006probabilistic,
  title={Probabilistic networks and expert systems: Exact computational methods for Bayesian networks},
  author={Cowell, Robert G},
  year={2006},
  publisher={Springer Science \& Business Media}
}

@article{dai2013petuum,
  title={Petuum: A framework for iterative-convergent distributed ML},
  author={Dai, Wei and Wei, Jinliang and Zheng, Xun and Kim, Jin Kyu and Lee, Seunghak and Yin, Junming and Ho, Qirong and Xing, Eric P},
  journal={arXiv preprint arXiv:1312.7651},
  year={2013}
}

@phdthesis{margaritis2003learning,
  title={Learning Bayesian network model structure from data},
  author={Margaritis, Dimitris},
  year={2003},
  school={US Army}
}

@inproceedings{cheng1997learning,
  title={Learning belief networks from data: An information theory based approach},
  author={Cheng, Jie and Bell, David A and Liu, Weiru},
  booktitle={Proceedings of the sixth international conference on Information and knowledge management},
  pages={325--331},
  year={1997},
  organization={ACM}
}